<record><leader>00000cas a22000007a 4500</leader><controlfield tag="001">13519193</controlfield><controlfield tag="008">860502d19uu1962pauwr ne      0    0eng d</controlfield><datafield ind1=" " ind2=" " tag="010"><subfield code="a">sn 86083297 </subfield></datafield><datafield ind1=" " ind2=" " tag="040"><subfield code="a">NPH</subfield><subfield code="b">eng</subfield><subfield code="c">NPH</subfield><subfield code="d">NPX</subfield><subfield code="d">NPH</subfield><subfield code="d">OCLCQ</subfield></datafield><datafield ind1=" " ind2=" " tag="042"><subfield code="a">msc</subfield></datafield><datafield ind1="0" ind2=" " tag="130"><subfield code="a">Middletown journal (Middletown, Pa. : 1958)</subfield></datafield><datafield ind1="1" ind2="0" tag="245"><subfield code="a">Middletown journal.</subfield></datafield><datafield ind1="1" ind2="7" tag="246"><subfield code="a">Press and journal</subfield></datafield><datafield ind1=" " ind2=" " tag="260"><subfield code="a">Middletown, Pa. :</subfield><subfield code="b">J.H. Fox</subfield></datafield><datafield ind1=" " ind2=" " tag="300"><subfield code="a">v. :</subfield><subfield code="b">ill.</subfield></datafield><datafield ind1=" " ind2=" " tag="310"><subfield code="a">Weekly</subfield></datafield><datafield ind1="1" ind2=" " tag="362"><subfield code="a">Ceased in 1962?</subfield></datafield><datafield ind1=" " ind2=" " tag="580"><subfield code="a">Companion ed. of: Press and journal.</subfield></datafield><datafield ind1=" " ind2=" " tag="588"><subfield code="a">Description based on: Jan. 5, 1948.</subfield></datafield><datafield ind1=" " ind2=" " tag="752"><subfield code="a">United States</subfield><subfield code="b">Pennsylvania</subfield><subfield code="c">Dauphin</subfield><subfield code="d">Middletown.</subfield></datafield><datafield ind1="1" ind2=" " tag="787"><subfield code="t">Press and journal</subfield><subfield code="w">(DLC)sn 86083296</subfield><subfield code="w">(OCoLC)12877018</subfield></datafield></record>